<?xml version="1.0" encoding="UTF-8"?><collection xmlns="http://www.loc.gov/MARC21/slim"><record><leader>00416nam--2200145-i-4500</leader><controlfield tag="001">000032114</controlfield><controlfield tag="002">20161230</controlfield><controlfield tag="005">20161230201039</controlfield><controlfield tag="008">060222s1000------------r-----000-0-eng-d</controlfield><datafield ind1=" " ind2=" " tag="080"><subfield code="a">33</subfield></datafield><datafield ind1=" " ind2=" " tag="100"><subfield code="a">Malinvaud, Edmond</subfield></datafield><datafield ind1=" " ind2=" " tag="245"><subfield code="a">Lecons de theorie microeconomique. avec une annexe de j.c.milleron</subfield></datafield><datafield ind1=" " ind2=" " tag="260"><subfield code="a">Paris, Dunod, 1969. Xi+269p</subfield></datafield><datafield ind1=" " ind2=" " tag="490"><subfield code="a">Collection Statistique Et Programmes Economiques</subfield></datafield><datafield ind1=" " ind2=" " tag="852"><subfield code="a">22339</subfield></datafield></record></collection>